<record xmlns="http://www.loc.gov/MARC21/slim" xmlns:xsi="http://www.w3.org/2001/XMLSchema-instance" xsi:schemaLocation="http://www.loc.gov/MARC21/slim http://www.loc.gov/standards/marcxml/schema/MARC21slim.xsd"><leader>00037nz   2200037n  4500</leader><controlfield tag="001">DNB|119536471</controlfield><controlfield tag="003">DNB</controlfield><controlfield tag="005">20080406030619.0</controlfield><controlfield tag="008">980109n||azznnabbn           | aaa    |c</controlfield><datafield ind1=" " ind2=" " tag="035"><subfield code="a">(DE-101)119536471</subfield></datafield><datafield ind1=" " ind2=" " tag="035"><subfield code="a">(DE-588a)119536471</subfield></datafield><datafield ind1=" " ind2=" " tag="035"><subfield code="a">(DE-588c)4483985-6</subfield></datafield><datafield ind1=" " ind2=" " tag="040"><subfield code="a">DE-12</subfield><subfield code="b">ger</subfield><subfield code="c">DE-101</subfield><subfield code="e">rakwb</subfield><subfield code="d">9999</subfield></datafield><datafield ind1=" " ind2=" " tag="043"><subfield code="c">XT</subfield></datafield><datafield ind1=" " ind2=" " tag="065"><subfield code="2">sswd</subfield><subfield code="a">12.2p</subfield></datafield><datafield ind1=" " ind2=" " tag="079"><subfield code="a">p</subfield><subfield code="q">s</subfield><subfield code="q">f</subfield><subfield code="q">p</subfield><subfield code="t">12-PAN</subfield><subfield code="t">12</subfield><subfield code="t">Lokale Kennung: B57</subfield></datafield><datafield ind1="0" ind2=" " tag="100"><subfield code="a">Pentadius</subfield><subfield code="d">fl.3./4. Jh.</subfield></datafield><datafield ind1="0" ind2=" " tag="400"><subfield code="a">Pentadius</subfield><subfield code="c">Dichter</subfield><subfield code="d">fl.3./4. Jh.</subfield></datafield><datafield ind1=" " ind2=" " tag="549"><subfield code="w">i</subfield><subfield code="i">Zeit</subfield><subfield code="a">3./4. Jh.</subfield></datafield><datafield ind1=" " ind2=" " tag="670"><subfield code="a">Pauly</subfield></datafield><datafield ind1=" " ind2=" " tag="678"><subfield code="a">Spätlat. Dichter</subfield></datafield><datafield ind1=" " ind2=" " tag="692"><subfield code="a">Elegiarum et epigrammatum Libellus. - 1782</subfield></datafield><datafield ind1=" " ind2=" " tag="692"><subfield code="a">De Vita beata. - 1782</subfield></datafield><datafield ind1=" " ind2=" " tag="910"><subfield code="a">elegiarum et epigrammatum libellus</subfield><subfield code="9">1</subfield></datafield><datafield ind1=" " ind2=" " tag="910"><subfield code="a">de vita beata</subfield><subfield code="9">1</subfield></datafield><datafield ind1=" " ind2=" " tag="943"><subfield code="a">178x</subfield><subfield code="9">1</subfield></datafield><datafield ind1=" " ind2=" " tag="945"><subfield code="a">15</subfield><subfield code="9">1</subfield></datafield><datafield ind1=" " ind2=" " tag="996"><subfield code="2">LC|n  88628327</subfield></datafield><datafield ind1=" " ind2=" " tag="996"><subfield code="2">BNF|11999511</subfield></datafield><datafield ind1=" " ind2=" " tag="997"><subfield code="a">200 300 flourished 0 0</subfield><subfield code="9">1</subfield></datafield></record>